 RH01030BS89D170918CC18091805135845127                                                                                  
 610000001                  93001CONTO ORDINARIO CCZ0103064320000001711383EUR170918D000000081452,28IT63                 
 620000001001180918170918D000000000030,0045                  5040001038600010         ADDEBITO CARTA MONTEPASCHI        
 630000001001ADDEBITO SDD N. 203552578 A FAVORE BANCA MONTE DEI PASCHI D CODICE MANDATO BPRGQ91030423997100000 IMPORTO 3
 6300000010010,00 COMMISSIONI 0,00 SPESE 0,00 - N.I.S.EB POSIZIONE CARTA 4239971 ESTRATTO CONTO DEL 20180831            
 640000001EUR170918D000000081482,28D000000081482,28                                                      000157771694,00
 650000001170918D000000081482,28180918D000000081482,28190918D000000081482,28200918D000000081482,28021018D000000081482,28
 610000002                  93001CONTO EFFETTI A CCB0103064320000001711476EUR170918C000000093468,91IT75                 
 640000002EUR170918C000000093468,91C000000000000,00                                                      000180981046,00
 EF01030BS89D170918CC18091805135845127       0000002                              0000010                         170918
